@article{ueda2014recipe,
author = {Ueda, Mayumi and Asanuma, Syungo and Miyawaki, Yusuke and Nakajima, Shinsuke},
year = {2014},
month = {03},
pages = {519-523},
title = {Recipe Recommendation Method by Considering the User's Preference and Ingredient Quantity of Target Recipe},
volume = {2209},
booktitle = {Lecture Notes in Engineering and Computer Science}
}

@article{bianchini2017prefer,
  title={PREFer: A prescription-based food recommender system},
  author={Bianchini, Devis and De Antonellis, Valeria and De Franceschi, Nicola and Melchiori, Michele},
  journal={Computer Standards \& Interfaces},
  volume={54},
  pages={64--75},
  year={2017},
  publisher={Elsevier}
}

@article{simas2017food,
  title={Food-bridging: a new network construction to unveil the principles of cooking},
  author={Simas, Tiago and Ficek, Michal and Diaz-Guilera, Albert and Obrador, Pere and Rodriguez, Pablo R},
  journal={arXiv preprint arXiv:1704.03330},
  year={2017}
}

@article{ahn2011flavor,
  title={Flavor network and the principles of food pairing},
  author={Ahn, Yong-Yeol and Ahnert, Sebastian E and Bagrow, James P and Barab{\'a}si, Albert-L{\'a}szl{\'o}},
  journal={Scientific reports},
  volume={1},
  year={2011},
  publisher={Nature Publishing Group}
}

@article{ahn2013flavor,
  title={The flavor network},
  author={Ahn, Yong-Yeol and Ahnert, Sebastian},
  journal={Leonardo},
  volume={46},
  number={3},
  pages={272--273},
  year={2013},
  publisher={MIT Press}
}

@inproceedings{teng2012recipe,
  title={Recipe recommendation using ingredient networks},
  author={Teng, Chun-Yuen and Lin, Yu-Ru and Adamic, Lada A},
  booktitle={Proceedings of the 4th Annual ACM Web Science Conference},
  pages={298--307},
  year={2012},
  organization={ACM}
}

@inproceedings{freyne2010intelligent,
  title={Intelligent food planning: personalized recipe recommendation},
  author={Freyne, Jill and Berkovsky, Shlomo},
  booktitle={Proceedings of the 15th international conference on Intelligent user interfaces},
  pages={321--324},
  year={2010},
  organization={ACM}
}

@article{bobadilla2013recommender,
  title={Recommender systems survey},
  author={Bobadilla, Jes{\'u}s and Ortega, Fernando and Hernando, Antonio and Guti{\'e}rrez, Abraham},
  journal={Knowledge-based systems},
  volume={46},
  pages={109--132},
  year={2013},
  publisher={Elsevier}
}

@inproceedings{rokicki2017editorial,
  title={How Editorial, Temporal and Social Biases Affect Online Food Popularity and Appreciation.},
  author={Rokicki, Markus and Herder, Eelco and Trattner, Christoph},
  booktitle={ICWSM},
  pages={192--200},
  year={2017}
}

@inproceedings{miyahara2000collaborative,
  title={Collaborative filtering with the simple Bayesian classifier},
  author={Miyahara, Koji and Pazzani, Michael J},
  booktitle={Pacific Rim International conference on artificial intelligence},
  pages={679--689},
  year={2000},
  organization={Springer}
}

@inproceedings{ueda2011user,
  title={Userâ€™s food preference extraction for personalized cooking recipe recommendation},
  author={Ueda, Mayumi and Takahata, Mari and Nakajima, Shinsuke},
  booktitle={Workshop of ISWC},
  pages={98--105},
  year={2011}
}

@inproceedings{sobecki2006application,
  title={Application of hybrid recommendation in web-based cooking assistant},
  author={Sobecki, Janusz and Babiak, Emilia and S{\l}anina, M},
  booktitle={Knowledge-Based Intelligent Information and Engineering Systems},
  pages={797--804},
  year={2006},
  organization={Springer}
}

@book{lansing1920food,
  title={Food and Life},
  author={Lansing, Marion Florence and Gulick, Luther Halsey},
  year={1920},
  publisher={Ginn}
}

@inproceedings{svensson2000recipe,
  title={A recipe based on-line food store},
  author={Svensson, Martin and Laaksolahti, Jarmo and H{\"o}{\"o}k, Kristina and Waern, Annika},
  booktitle={Proceedings of the 5th international conference on Intelligent user interfaces},
  pages={260--263},
  year={2000},
  organization={ACM}
}

@inproceedings{karikome2010system,
  title={A system for supporting dietary habits: planning menus and visualizing nutritional intake balance},
  author={Karikome, Shihono and Fujii, Atsushi},
  booktitle={Proceedings of the 4th International Conference on Uniquitous Information Management and Communication},
  pages={56},
  year={2010},
  organization={ACM}
}

@book{jelen2011food,
  title={Food flavors: chemical, sensory and technological properties},
  author={Jelen, Henryk},
  year={2011},
  publisher={CRC Press}
}

@inproceedings{ueta2011recipe,
  title={A Recipe Recommendation System Based on Automatic Nutrition Information Extraction.},
  author={Ueta, Tsuguya and Iwakami, Masashi and Ito, Takayuki and others},
  booktitle={KSEM},
  pages={79--90},
  year={2011},
  organization={Springer}
}

@book{burdock2016fenaroli,
  title={Fenaroli's handbook of flavor ingredients},
  author={Burdock, George A},
  year={2016},
  publisher={CRC press}
}

@article{restle1955theory,
  title={A theory of discrimination learning.},
  author={Restle, Frank},
  journal={Psychological Review},
  volume={62},
  number={1},
  pages={11},
  year={1955},
  publisher={American Psychological Association}
}